% This file was created with JabRef 2.10b2.
% Encoding: UTF-8


@Misc{nctuurl,
  Title                    = {國立交通大學},

  Author                   = {NCTU},

  Owner                    = {borting},
  Timestamp                = {2017.02.06},
  Url                      = {http://www.nctu.edu.tw}
}

@Book{Yang_2017,
  Title                    = {{The History of Free Planets}},
  Author                   = {Wen-Li Yang and Bamboo Fox},
  Editor                   = {Yoshiki Tanaka},
  Publisher                = {Heinessen Publisher},
  Year                     = {2017},

  Owner                    = {borting},
  Pages                    = {22--66},
  Timestamp                = {2017.01.23}
}

@Article{Yang_2016,
  Title                    = {{Carry the Free Planets Star Fleet in Three Ways}},
  Author                   = {Wen-Li Yang and Bamboo Fox},
  Journal                  = {Journal of Galaxy},
  Year                     = {2016},
  Number                   = {1},
  Pages                    = {22--66},
  Volume                   = {9527}
}

@misc{web3.js, title={web3.js - Ethereum JavaScript API},
  url={https://web3js.readthedocs.io/en/v1.3.0/},
  journal={web3.js - Ethereum JavaScript API - web3.js 1.0.0 documentation}
}

@article{gafni2014social,
  title={To social login or not login? Exploring factors affecting the decision},
  author={Gafni, Ruti and Nissim, Dudu},
  journal={Issues in Informing Science and Information Technology},
  volume={11},
  number={1},
  pages={57--72},
  year={2014}
}

@ARTICLE{marketplatform,  
  author={C. -H. {Liao} and H. -E. {Lin} and S. -M. {Yuan}},
  journal={IEEE Access},
  title={Blockchain-Enabled Integrated Market Platform for Contract Production},
  year={2020},
  volume={8}, 
  number={}, 
  pages={211007-211027}, 
  doi={10.1109/ACCESS.2020.3039620}
}

@inproceedings{liao2019blockchain,
  title={Blockchain-based cross-organizational integrated platform for issuing and redeeming reward points},
  author={Liao, Chia-Hung and Teng, Ya-Wen and Yuan, Shyan-Ming},
  booktitle={Proceedings of the Tenth International Symposium on Information and Communication Technology},
  pages={407--411},
  year={2019}
}

@article{daraghmi2019medchain,
  title={MedChain: a design of blockchain-based system for medical records access and permissions management},
  author={Daraghmi, Eman-Yasser and Daraghmi, Yousef-Awwad and Yuan, Shyan-Ming},
  journal={IEEE Access},
  volume={7},
  pages={164595--164613},
  year={2019},
  publisher={IEEE}
}

@article{daraghmi2019unichain,
  title={Unichain: A design of blockchain-based system for electronic academic records access and permissions management},
  author={Daraghmi, Eman-Yasser and Daraghmi, Yousef-Awwad and Yuan, Shyan-Ming},
  journal={Applied Sciences},
  volume={9},
  number={22},
  pages={4966},
  year={2019},
  publisher={Multidisciplinary Digital Publishing Institute}
}